@webpage{atmosphere2014,
   author={Robert A Braeunig},
   year={2014},
   title={{Basic of Space Flight: Atmospheric Models}},
   url={\url{http://www.braeunig.us/space/atmmodel.htm\#USSA1976}},
   urldate={2019-01-03}
}
@webpage{massflow,
  author={{NASA Glenn Research Center}},
  year={2015},
  title={{Specific Impulse}},
  url={\url{https://www.grc.nasa.gov/www/k-12/airplane/specimp.html}},
  urldate={2019-01-17}
}
@webpage{thrust,
  author={{NASA Glenn Research Center}},
  year={2015},
  title={{General Thrust Equation}},
  url={\url{https://www.grc.nasa.gov/www/k-12/rocket/thrsteq.html}},
  urldate={2019-01-17}
}
@webpage{kepler,
  author={Raiano Michele},
  year={2013},
  title={{Determining Orbital Elements}},
  url={\url{http://www.aerospacengineering.net/?p=1638}},
  urldate={2019-01-14}
}